####            PUBLICATIONS                ####
@phdthesis{hertzog_give_2019,
	address = {Porto Alegre, RS},
	type = {Thesis ({PhD} in {Sociology})},
	title = {Give it a like, share, and subscribe: a sociological study about work and new digital technologies on {YouTube} {Brazil}},
	school = {Federal University of Rio Grande do Sul(UFRGS)},
	author = {{\textbf{Hertzog}}, Lucas},
	year = {2019},
}

@phdthesis{hertzog_o_2012,
	address = {Porto Alegre},
	type = {Monografia ({Graduação} em {Ciências} {Sociais})},
	title = {O desengajamento do êxtase: estudo sociológico sobre usuários de crack em tratamento},
	school = {UFRGS},
	author = {{\textbf{Hertzog}}, Lucas},
	year = {2012},
}

@article{kusi-mensah_accelerating_2022,
	title = {Accelerating progress towards the sustainable development goals for adolescents in {Ghana}: a cross-sectional study},
	issn = {1354-8506, 1465-3966},
	shorttitle = {Accelerating progress towards the sustainable development goals for adolescents in {Ghana}},
	url = {https://www.tandfonline.com/doi/full/10.1080/13548506.2022.2108086},
	doi = {10.1080/13548506.2022.2108086},
	language = {en},
	urldate = {2022-09-01},
	journal = {Psychology, Health \& Medicine},
	author = {Kusi-Mensah, Kwabena and Tamambang, Rita and Bella-Awusah, Tolulope and Ogunmola, Segun and Afolayan, Adeola and Toska, Elona and {\textbf{Hertzog}}, Lucas and Rudgard, William and Evans, Robin and Omigbodun, Olayinka},
	month = aug,
	year = {2022},
	pages = {1--18},
}

@article{mosha_intergenerational_2022,
	title = {Intergenerational education and violence effects on adolescent education, early employment and adolescent parenting},
	issn = {1354-8506, 1465-3966},
	url = {https://www.tandfonline.com/doi/full/10.1080/13548506.2022.2108083},
	doi = {10.1080/13548506.2022.2108083},
	language = {en},
	urldate = {2022-09-01},
	journal = {Psychology, Health \& Medicine},
	author = {Mosha, Neema and Mshana, Gerry and Toska, Elona and {\textbf{Hertzog}}, Lucas and Desmond, Chris and Cluver, Lucie and Kapiga, Saidi and Stöckl, Heidi},
	month = aug,
	year = {2022},
	pages = {1--14},
}

@article{hertzog_accelerating_2022,
	title = {Accelerating ontological security for {South} {African} adolescents living in high {HIV}-prevalence areas: a longitudinal study},
	issn = {1354-8506, 1465-3966},
	shorttitle = {Accelerating ontological security for {South} {African} adolescents living in high {HIV}-prevalence areas},
	url = {https://www.tandfonline.com/doi/full/10.1080/13548506.2022.2108079},
	doi = {10.1080/13548506.2022.2108079},
	language = {en},
	urldate = {2022-09-01},
	journal = {Psychology, Health \& Medicine},
	author = {{\textbf{Hertzog}}, Lucas and Banougnin, Boladé Hamed and Stöckl, Heidi and Toska, Elona},
	month = aug,
	year = {2022},
	pages = {1--22},
}


@article{chipanta_associations_2022,
	title = {Associations of {Sustainable} {Development} {Goals} {Accelerators} {With} {Adolescents}’ {Well}-{Being} {According} to {Head}-of-{Household}’s {Disability} {Status}–{A} {Cross}-{Sectional} {Study} {From} {Zambia}},
	volume = {67},
	issn = {1661-8564},
	url = {https://www.ssph-journal.org/articles/10.3389/ijph.2022.1604341/full},
	doi = {10.3389/ijph.2022.1604341},
	urldate = {2022-02-28},
	journal = {International Journal of Public Health},
	author = {Chipanta, David and Estill, Janne and Stöckl, Heidi and {\textbf{Hertzog}}, Lucas and Toska, Elona and Chanda, Patrick and Mwanza, Jason and Kaila, Kelly and Matome, Chisangu and Tembo, Gelson and Keiser, Olivia and Cluver, Lucie},
	year = {2022},
	pages = {1604341},
}

@article{hertzog_cultural_2018,
	title = {Cultural processes and relations with social inequalities: cultural sociology theoretical contributions},
	volume = {1},
	number = {24},
	journal = {Estudos de Sociologia},
	author = {{\textbf{Hertzog}}, Lucas},
	year = {2018},
	pages = {39--62},
}

@article{hertzog_intersectional_2020,
	title = {An intersectional approach to inequalities: ruptures with hierarchical views},
	volume = {10},
	issn = {23161329},
	shorttitle = {Por uma abordagem interseccional das desigualdades},
	url = {http://doi.editoracubo.com.br/10.4322/2316-1329.135},
	doi = {10.4322/2316-1329.135},
	number = {1},
	urldate = {2022-02-07},
	journal = {Contemporânea - revista de sociologia da UFSCar},
	author = {{\textbf{Hertzog}}, Lucas and Mello, Luciana Garcia de},
	year = {2020},
	pages = {229--247},
}

@article{hertzog_seven_2021,
	title = {Seven essential instruments for {POPIA} compliance in research involving children and adolescents in {South} {Africa}},
	volume = {117},
	issn = {1996-7489},
	url = {https://sajs.co.za/article/view/12290},
	doi = {10.17159/sajs.2021/12290},
	language = {en},
	number = {9/10},
	urldate = {2022-01-12},
	journal = {South African Journal of Science},
	author = {{\textbf{Hertzog}}, Lucas and Wittesaele, Camille and Titus, Raylene and Chen, Jenny J. and Kelly, Jane and Langwenya, Nontokozo and Baerecke, Lauren and Toska, Elona},
	month = sep,
	year = {2021},
}

@article{he_mhealth_2020,
	title = {{mHealth} entry points for {HIV} prevention and care among adolescents and young people in {South} {Africa}},
	url = {http://rgdoi.net/10.13140/RG.2.2.36698.98241},
	doi = {10.13140/RG.2.2.36698.98241},
	language = {en},
	number = {457},
	urldate = {2020-09-21},
	journal = {CSSR Working Paper},
	author = {He, Eda and {\textbf{Hertzog}}, Lucas and Toska, Elona and Carty, Craig and Cluver, Lucie},
	year = {2020},
	note = {Publisher: Unpublished},
}

@article{hertzog_between_2019,
	title = {Between the spectacularisation of everyday life and working-class pragmatism: theoretical elements for understanding subjectivities on {YouTube}},
	volume = {2},
	issn = {1982-1662},
	url = {https://periodicos.ufrn.br/interlegere/article/view/15946},
	doi = {10.21680/1982-1662.2019v2n26ID15946},
	number = {26},
	urldate = {2020-08-12},
	journal = {Revista Inter-Legere},
	author = {{\textbf{Hertzog}}, Lucas},
	month = sep,
	year = {2019},
	pages = {1--24},
}

@article{hertzog_sociological_2015,
	title = {Sociological moral purposes: on the meanings of the normal concept in Émile {Durkheim}’s theory},
	volume = {20},
	issn = {2176-6665},
	shorttitle = {A finalidade moral do fazer sociológico},
	url = {http://www.uel.br/revistas/uel/index.php/mediacoes/article/view/19198},
	doi = {10.5433/2176-6665.2015v20n2p312},
	number = {2},
	urldate = {2017-03-29},
	journal = {Mediações - Revista de Ciências Sociais},
	author = {{\textbf{Hertzog}}, Lucas and Weiss, Raquel Andrade},
	year = {2015},
	pages = {312},
}

@article{rudgard_multiple_2022,
	title = {Multiple {Impacts} of {Ethiopia}’s {Health} {Extension} {Program} on {Adolescent} {Health} and {Well}-{Being}: {A} {Quasi}-{Experimental} {Study} 2002–2013},
	issn = {1054139X},
	shorttitle = {Multiple {Impacts} of {Ethiopia}’s {Health} {Extension} {Program} on {Adolescent} {Health} and {Well}-{Being}},
	url = {https://linkinghub.elsevier.com/retrieve/pii/S1054139X22004189},
	doi = {10.1016/j.jadohealth.2022.04.010},
	language = {en},
	urldate = {2022-06-20},
	journal = {Journal of Adolescent Health},
	author = {Rudgard, William E. and Dzumbunu, Silinganisiwe P. and Yates, Rachel and Toska, Elona and Stöckl, Heidi and {\textbf{Hertzog}}, Lucas and Emaway, Dessalew and Cluver, Lucie},
	month = jun,
	year = {2022},
	pages = {S1054139X22004189},
}

@incollection{hertzog_anonymity_2016,
	address = {Brasília},
	title = {Anonymity and urban abandonment},
	booktitle = {Crack and social exclusion},
	publisher = {Ministry of Justice},
	author = {{\textbf{Hertzog}}, Lucas},
	collaborator = {Souza, Jessé},
	year = {2016},
}

@article{hertzog_por_2020,
	title = {Por uma abordagem interseccional das desigualdades: rupturas com visões hierarquizadas},
	volume = {10},
	issn = {23161329},
	shorttitle = {Por uma abordagem interseccional das desigualdades},
	url = {http://doi.editoracubo.com.br/10.4322/2316-1329.135},
	doi = {10.4322/2316-1329.135},
	number = {1},
	urldate = {2023-05-15},
	journal = {Contemporânea - revista de sociologia da UFSCar},
	author = {{\textbf{Hertzog}}, Lucas and Mello, Luciana Garcia de},
	year = {2020},
	pages = {229--247},
}

@article{hertzog_data_2023,
	title = {Data management instruments to protect the personal information of children and adolescents in sub-{Saharan} {Africa}},
	volume = {47},
	issn = {2331-4141, 0739-1137},
	url = {https://iassistquarterly.com/index.php/iassist/article/view/1044},
	doi = {10.29173/iq1044},
	number = {2},
	urldate = {2023-07-17},
	journal = {IASSIST Quarterly},
	author = {{\textbf{Hertzog}}, Lucas and Chen-Charles, Jenny and Wittesaele, Camille and De Graaf, Kristen and Titus, Raylene and Kelly, Jane and Langwenya, Nontokozo and Baerecke, Lauren and Banougnin, Boladé and Saal, Wylene and Southall, John and Cluver, Lucie and Toska, Elona},
	month = jun,
	year = {2023},
}


@article{hertzog_increased_nodate,
	title = {Increased risks of mortality in the 21st century (2001-2020) attributable to exceptional {PM}\(_{2.5}\) events in eight {Australian} {Great} {Capital} {Cities}},
	journal = {Frontiers in Public Health},
	author = {{\textbf{Hertzog}}, Lucas and Gopi, Karthik and Yuen, Cassandra and Morgan, Geoffrey and Pereira, Gavin and Johnston, Fay and Borchers-Arriagada, Nicolas and Vardoulakis, Sotiris and Hanigan, Ivan},
    year = {n.d.},
}

@article{hertzog_social_nodate,
	title = {Social protection as a strategy for {HIV} prevention, education promotion and child marriage reduction among adolescents: a cross-sectional population-based study in {Lesotho}},
	journal = {BMC Public Health},
	author = {\textbf{Hertzog}, Lucas and Cluver, Lucie and Banougnin, Boladé Hamed and Saminathen, Mia Granvik and Little, Madison T. and Yates, Rachel and Rudgard, William and Chiang, Laura F and Annor, Francis and Picchetti, Viani and Massetti, Greta and Hegle, Jennifer and Foraci, Marisa and Toska, Elona},
	year = {n.d.},
}

@article{banougnin_associations_2023,
	title = {Associations of social media and health content use with sexual risk behaviours among adolescents in {South} {Africa}},
	volume = {31},
	issn = {2641-0397},
	url = {https://www.tandfonline.com/doi/full/10.1080/26410397.2023.2267893},
	doi = {10.1080/26410397.2023.2267893},
	language = {en},
	number = {1},
	urldate = {2023-11-11},
	journal = {Sexual and Reproductive Health Matters},
	author = {Banougnin, Boladé Hamed and Toska, Elona and Maughan-Brown, Brendan and Rudgard, William and \textbf{Hertzog}, Lucas and Jochim, Janina and Armstrong, Alice and Cluver, Lucie},
	month = dec,
	year = {2023},
	pages = {2267893},
}

@article{hertzog_mortality_nodate,
	title = {Mortality {Burden} {Attributable} to {Exceptional} {PM}\(_{2.5}\) {Air} {Pollution} {Events} in {Australian} {Cities}: {A} {Health} {Impact} {Assessment}},
	journal = {Heliyon},
	author = {\textbf{Hertzog}, Lucas and Morgan, Geoffrey and Yuen, Cassandra and Gopi, Karthik and Pereira, Gavin and Johnston, Fay and Cope, Martin and Chaston, Timothy B. and Vardoulakis, Sotiris and Vyas, Aditya and Hanigan, Ivan},
	year = {n.d.},
}

@article{hertzog_heat_nodate,
	title = {Heat and suicide in {Australia} 2000-2019},
	journal = {MJA},
	author = {\textbf{Hertzog}, Lucas and Morgan, Geoffrey and Pereira, Gavin and Lawrence, David and Vyas, Aditya and Newnam, Elizabeth and Tschakert, Petra and Charlson, Fiona J and Heyworth, Jane and Jalaludin, Bin and Hanigan, Ivan},
	year = {n.d.},
}

@article{little_identifying_nodate,
	title = {Identifying {SDG} accelerators to prevent violence, {HIV} risk, and early pregnancy among adolescents and young people in {Namibia}: {A} cross-sectional analysis of the 2019 {Violence} {Against} {Children} {Survey}},
	journal = {PLOS Global Public Health},
	author = {Little, Madison T. and \textbf{Hertzog}, Lucas and Rudgard, William and Toska, Elona and Banougnin, Boladé and Yates, Rachel and Chipanta, David and Cluver, Lucie},
	year = {n.d.},
}

@article{alene_interventions_nodate,
	title = {Interventions to prevent post-tuberculosis sequelae: a systematic review and meta-analysis},
	journal = {eClinicalMedicine},
	author = {Alene, Kefyalew Addis and \textbf{Hertzog}, Lucas and Gilmour, Beth and Clements, Archie and Murray, Megan},
	year = {n.d.},
}

@article{gebremedhin_cost-effectiveness_nodate,
	title = {Cost-effectiveness and benefits of perinatal health interventions in high income settings},
	journal = {BMJ Open},
	author = {Gebremedhin, Tsegaye and Tessema, Gizachew and \textbf{Hertzog}, Lucas and Newnam, Elizabeth and Dachew, Berihun and Makate, Marshall},
	year = {n.d.},
}

@article{banougnin_social_nodate,
	title = {Social protection and {HIV} risk factors among young people in six {Southern} {African} countries: an analysis of data from the cross-sectional {Population}-based {HIV} {Impact} {Assessment} surveys},
	journal = {The Lancet Child \& Adolescent Health},
	author = {Banougnin, Boladé and Castor, Delivette and Baluku, Joseph and Dzumbunu, Silinganisiwe and Somefun, Oluwaseyi and Sene, Waly and Chipanta, David and \textbf{Hertzog}, Lucas},
	year = {n.d.},
}

@article{amo-agyei_missing_nodate,
	title = {Missing the poorest–{Inequalities} in access to social protection among the public, people living with {HIV}, and adolescent girls and young women in 13 sub-{Saharan} {African} countries: {Analysis} of population-based surveys},
	journal = {PLOS Global Public Health},
	author = {Amo-Agyei, Silas and Keiser, Olivia and Estill, Janne and \textbf{Hertzog}, Lucas and Xaba, Nonhlanhla and Mabhele, Simphiwe and Chipanta, David},
	year = {n.d.},
}




####            CONFERENCES/PRESENTATIONS            ####

@misc{hertzog_exposure_2023,
	address = {Online},
	type = {Oral presentation},
	title = {Exposure to exceptional {PM}\(_{2.5}\) air pollution events increases mortality risk in {Australian} cities: a health impact assessment. {HEAL Conference, Australia.}},
	author = {{\textbf{Hertzog}}, Lucas},
	collaborator = {Hanigan, Ivan},
	year = {2023},
}

@misc{hertzog_increased_2023,
	address = {Perth},
	type = {Oral presentation},
	title = {Increased risks of mortality in the 21st century (2001-2020) attributable to air pollution generated by bushfires in {Australia}. {Institute of Australian Geographers Conference, Perth, Australia}},
	author = {{\textbf{Hertzog}}, Lucas},
	collaborator = {Hanigan, Ivan},
	year = {2023},
}

@misc{hertzog_how_2023,
	address = {Perth},
	type = {Oral presentation},
	title = {How we use reproducible pipelines in climate change and health research - and why it matters. {Curtin EMCR Research Symposium, Perth, Australia}},
	author = {{\textbf{Hertzog}}, Lucas},
	year = {2023},
}

@inproceedings{toska_impacts_2022,
	address = {Montreal, Canada},
	title = {Impacts of the syndemic of {HIV} and early motherhood on adolescent girls and young women in {South} {Africa}},
	author = {Toska, Elona and Banougnin, Boladé Hamed and Rudgard, William E. and Saal, Wylene and {\textbf{Hertzog}}, Lucas and Jochim, Janina and Cluver, Lucie},
	year = {2022},
}

@misc{hertzog_research_2022,
	address = {IASSIST 2022, Gothenburg, Sweden},
	title = {Research {Governance} strategies to safeguard the personal information of children and adolescents in sub-{Saharan} {Africa}.{ IASSIST 2022 Conference, Gothenburg, Sweden}},
	author = {{\textbf{Hertzog}}, Lucas},
	collaborator = {Banougnin, Boladé Hamed and Toska, Elona},
	year = {2022},
}

@inproceedings{saal_social_2022,
	address = {Montreal, Canada},
	title = {Social support attenuates the syndemic of poor {HIV} care and stigma on suicidal tendencies among {South} {African} young women living with {HIV}},
	author = {Saal, Wylene and Banougnin, Boladé Hamed and {\textbf{Hertzog}}, Lucas and Toska, Elona and Cluver, Lucie},
	year = {2022},
}


@misc{hertzog_supporting_2022,
	address = {Nuffield College, Oxford, UK},
	type = {Oral presentation},
	title = {Supporting {Research} {Data} in {Practice}: {Research} {Governance} strategies to safeguard the personal information of children and adolescents in sub-{Saharan} {Africa}. {Nuffield College, Oxford, UK}},
	author = {{\textbf{Hertzog}}, Lucas},
	year = {2022},
}

@misc{hertzog_research_2022-1,
	address = {IASSIST 2022, Gothenburg, Sweden},
	type = {Oral presentation},
	title = {Research {Data} {Literacy} and {Socio}-economic {Development}: {Sub}-{Saharan} {African} {Perspectives}. {IASSIST 2022 Conference, Gothenburg, Sweden}},
	author = {{\textbf{Hertzog}}, Lucas},
	year = {2022},
}